<?xml version="1.0" encoding="UTF-8"?><collection xmlns="http://www.loc.gov/MARC21/slim"><record><leader>00419nam--2200109-i-4500</leader><controlfield tag="001">000018748</controlfield><controlfield tag="002">20161230</controlfield><controlfield tag="005">20161230201032</controlfield><controlfield tag="008">060222s1000------------r-----000-0-eng-d</controlfield><datafield ind1=" " ind2=" " tag="245"><subfield code="a">Electronique nucleaire.compte rendu du colloque international organise par  la societe francaise des electroniciens et des radioelectriciens.paris, 25-27 nov.1963</subfield></datafield><datafield ind1=" " ind2=" " tag="260"><subfield code="a">Paris, Agence Europ.Pour L Energie Nucl., 1964 861 P</subfield></datafield><datafield ind1=" " ind2=" " tag="852"><subfield code="a">19733</subfield></datafield></record></collection>